@Book{Golan:2012,
  author = "{G}olan, {J}onathan ",
  year = "2012",
  title = "{T}he {L}inear {A}lgebra a {B}eginning {G}raduate {S}tudent ought to know",
  edition = 	 {3rd},
  publisher = "{S}pringer"
}

@Book{Aliprantis:1998,
  author = 	 {Charalambos D. Aliprantis and Owen Burkinshaw},
  title = 	 {Principles of Real Analysis},
  publisher = 	 {Academic Press},
  address = {New York},
  year = 	 {1998},
  edition = 	 {3rd}
}
